@article{ieltswriting,
  title={Vietnamese Learners’ Performance in The IELTS Writing Task 2},
  author={Nguyen, Nhon H and Nguyen, Khoi D},
  journal={Nguyen, HN, \& Nguyen, DK (2022). Vietnamese Learners’ Performance in The IELTS Writing Task},
  volume={2},
  pages={170--189},
  year={2022}
}

@misc{ielts_graph,
  author  = {IELTS},
  title   = {Test taker performance 2022},
  note    = {Available: \url{https://www.ielts.org/for-researchers/test-statistics/test-taker-performance}},
  urldate = {2022}
}

@misc{ielts,
  author  = {IELTS},
  title   = {IELTS grows to 3.5 million a year},
  note    = {Available: \url{https://www.ielts.org/news/2019/ielts-grows-to-three-and-a-half-million-a-year}},
  urldate = {March 11th, 2019}
}

@article{bagheri2016efl,
  title={EFL graduate students' IELTS writing problems and students' and teachers' beliefs and suggestions regarding writing skill improvement},
  author={Bagheri, Mohammad Sadegh and Riasati, Mohammad Javad},
  journal={Journal of Language Teaching and Research},
  volume={7},
  number={1},
  pages={198},
  year={2016},
  publisher={Academy Publication Co., Ltd.}
}

@article{cullen2017key,
  title={The key to IELTS success},
  author={Cullen, P},
  journal={Retrieved February},
  volume={27},
  pages={2021},
  year={2017}
}

@misc{lima,
      title={LIMA: Less Is More for Alignment}, 
      author={Chunting Zhou and Pengfei Liu and Puxin Xu and Srini Iyer and Jiao Sun and Yuning Mao and Xuezhe Ma and Avia Efrat and Ping Yu and Lili Yu and Susan Zhang and Gargi Ghosh and Mike Lewis and Luke Zettlemoyer and Omer Levy},
      year={2023},
      eprint={2305.11206},
      archivePrefix={arXiv},
      primaryClass={cs.CL}
}